{
  "leader": "03880cam  2200493 i 4500",
  "fields": [
    {
      "001": "ocm07197341\\"
    },
    {
      "003": "OCoLC"
    },
    {
      "005": "20211115154633.0"
    },
    {
      "008": "801222s1982\\\\\\\\njua\\\\\\\\\\b\\\\\\\\001\\0\\eng\\\\"
    },
    {
      "010": {
        "ind1": "\\",
        "ind2": "\\",
        "subfields": [
          {
            "a": "   80028787 "
          }
        ]
      }
    },
    {
      "040": {
        "ind1": "\\",
        "ind2": "\\",
        "subfields": [
          {
            "a": "DLC"
          },
          {
            "b": "eng"
          },
          {
            "c": "DLC"
          },
          {
            "d": "MUQ"
          },
          {
            "d": "NLGGC"
          },
          {
            "d": "BTCTA"
          },
          {
            "d": "YDXCP"
          },
          {
            "d": "NLM"
          },
          {
            "d": "CRU"
          },
          {
            "d": "LGG"
          },
          {
            "d": "NIALS"
          },
          {
            "d": "BDX"
          },
          {
            "d": "OCLCO"
          },
          {
            "d": "OCLCQ"
          },
          {
            "d": "EUW"
          },
          {
            "d": "OCLCQ"
          },
          {
            "d": "FC@"
          },
          {
            "d": "LTU"
          },
          {
            "d": "DHA"
          },
          {
            "d": "OCLCO"
          },
          {
            "d": "OCLCQ"
          },
          {
            "d": "LUE"
          },
          {
            "d": "OCLCF"
          },
          {
            "d": "OCLCQ"
          },
          {
            "d": "OCLCO"
          },
          {
            "d": "CCH"
          },
          {
            "d": "OCLCA"
          },
          {
            "d": "OCLCQ"
          },
          {
            "d": "OCLCO"
          },
          {
            "d": "AU@"
          },
          {
            "d": "OCLCQ"
          },
          {
            "d": "OCLCO"
          },
          {
            "d": "OCLCA"
          },
          {
            "d": "CNMTR"
          },
          {
            "d": "OCLCO"
          }
        ]
      }
    },
    {
      "016": {
        "ind1": "7",
        "ind2": "\\",
        "subfields": [
          {
            "a": "8100033"
          },
          {
            "2": "DNLM"
          }
        ]
      }
    },
    {
      "016": {
        "ind1": "7",
        "ind2": "\\",
        "subfields": [
          {
            "a": "BA05146404"
          },
          {
            "2": "JP-ToKJK"
          }
        ]
      }
    },
    {
      "019": {
        "ind1": "\\",
        "ind2": "\\",
        "subfields": [
          {
            "a": "7693629"
          },
          {
            "a": "502321855"
          }
        ]
      }
    },
    {
      "020": {
        "ind1": "\\",
        "ind2": "\\",
        "subfields": [
          {
            "a": "0898590884"
          }
        ]
      }
    },
    {
      "020": {
        "ind1": "\\",
        "ind2": "\\",
        "subfields": [
          {
            "a": "9780898590883"
          }
        ]
      }
    },
    {
      "035": {
        "ind1": "\\",
        "ind2": "\\",
        "subfields": [
          {
            "a": "(OCoLC)7197341"
          },
          {
            "z": "(OCoLC)7693629"
          },
          {
            "z": "(OCoLC)502321855"
          }
        ]
      }
    },
    {
      "050": {
        "ind1": "0",
        "ind2": "0",
        "subfields": [
          {
            "a": "QP360"
          },
          {
            "b": ".N494 1982"
          }
        ]
      }
    },
    {
      "060": {
        "ind1": "0",
        "ind2": "0",
        "subfields": [
          {
            "a": "WL 103"
          },
          {
            "b": "N4935 1982"
          }
        ]
      }
    },
    {
      "082": {
        "ind1": "0",
        "ind2": "0",
        "subfields": [
          {
            "a": "612.8"
          },
          {
            "b": "NEU"
          }
        ]
      }
    },
    {
      "083": {
        "ind1": "0",
        "ind2": "\\",
        "subfields": [
          {
            "a": "Neuropsychology"
          }
        ]
      }
    },
    {
      "245": {
        "ind1": "0",
        "ind2": "0",
        "subfields": [
          {
            "a": "Neuropsychology after Lashley :"
          },
          {
            "b": "fifty years since the publication of Brain mechanisms and intelligence /"
          },
          {
            "c": "edited by Jack Orbach."
          }
        ]
      }
    },
    {
      "260": {
        "ind1": "\\",
        "ind2": "\\",
        "subfields": [
          {
            "a": "Hillsdale, N.J. :"
          },
          {
            "b": "Lawrence Erlbaum Associates,"
          },
          {
            "c": "\ufffd1982."
          }
        ]
      }
    },
    {
      "300": {
        "ind1": "\\",
        "ind2": "\\",
        "subfields": [
          {
            "a": "xviii, 541 pages :"
          },
          {
            "b": "illustrations ;"
          },
          {
            "c": "24 cm"
          }
        ]
      }
    },
    {
      "336": {
        "ind1": "\\",
        "ind2": "\\",
        "subfields": [
          {
            "a": "text"
          },
          {
            "b": "txt"
          },
          {
            "2": "rdacontent"
          }
        ]
      }
    },
    {
      "337": {
        "ind1": "\\",
        "ind2": "\\",
        "subfields": [
          {
            "a": "unmediated"
          },
          {
            "b": "n"
          },
          {
            "2": "rdamedia"
          }
        ]
      }
    },
    {
      "338": {
        "ind1": "\\",
        "ind2": "\\",
        "subfields": [
          {
            "a": "volume"
          },
          {
            "b": "nc"
          },
          {
            "2": "rdacarrier"
          }
        ]
      }
    },
    {
      "500": {
        "ind1": "\\",
        "ind2": "\\",
        "subfields": [
          {
            "a": "Originally presented as a series of lectures at Queens College of the City University of New York."
          }
        ]
      }
    },
    {
      "504": {
        "ind1": "\\",
        "ind2": "\\",
        "subfields": [
          {
            "a": "Includes bibliographical references and index."
          }
        ]
      }
    },
    {
      "505": {
        "ind1": "0",
        "ind2": "\\",
        "subfields": [
          {
            "a": "1. The legacy of Brain mechanisms and intelligence / Jack Orbach -- 2. At the Yerkes Laboratories of primate biology, Orange Park Florida / Jack Orbach -- 3. The Canadian connection / Jack Orbach -- 4. Biography and evaluations/ Jack Orbach -- 5. Students and colleagues of Karl S. Lashley -- 6. The functional significance of architectonic subdivisions of the cortex : Lashley's criticism of the traditional view / I. T. Diamond -- 7. Current concepts on the mechanism of vision : a Lashley heritage / Pedro Pasik and Tauba Pasik -- 8. Development and plasticity in the visual system / Kao Liang Chow -- 9. Two-way streets of the mannalian cerebral cortex / Austin H. Riesen -- 10. Functional organization of the rat brain / Robert Thompson -- 11. Lashley as iconoclast in the temple of neuroscience : some thrusts he would have enjoyed today / Robert W. Doty -- 12. Multipotentiality : a theory of recovery of function after brain injury / E. Roy John -- 13. Localization and distribution of the function in the brain / Karl H. Pribram -- 14. Some aspects of the neuropsychology of memory in humans and animals / L. Weiskrantz -- 15. Neural mechanisms of arousal, attention, and information processing / Donald B. Lindsley -- 16. Corticoo-cortical and Thalamo-cortical imputs to precentralotor cortex in the monkey / Edward V. Evarts -- 17. On sensory interaction with motor programs / A. J. Berman -- 18. Cultivating abstraction ia an ape's mind : conceptual versus sensory / David Premack -- 19. Prenatal protein deprivation and early behavioral development / A. J. Riopelle -- 20. Elaborations of Hebb's cell assembly theory / D. O. Hebb -- 21. Forebrain commissurotomy and conscious awareness / R. W. Sperry."
          }
        ]
      }
    },
    {
      "600": {
        "ind1": "1",
        "ind2": "0",
        "subfields": [
          {
            "a": "Lashley, Karl S."
          },
          {
            "q": "(Karl Spencer),"
          },
          {
            "d": "1890-1958."
          },
          {
            "t": "Brain mechanisms and intelligence."
          }
        ]
      }
    },
    {
      "650": {
        "ind1": "\\",
        "ind2": "0",
        "subfields": [
          {
            "a": "Neuropsychology."
          }
        ]
      }
    },
    {
      "600": {
        "ind1": "1",
        "ind2": "2",
        "subfields": [
          {
            "a": "Lashley, Karl S."
          },
          {
            "q": "(Karl Spencer),"
          },
          {
            "d": "1890-1958."
          },
          {
            "t": "Brain mechanisms and intelligence."
          }
        ]
      }
    },
    {
      "600": {
        "ind1": "1",
        "ind2": "2",
        "subfields": [
          {
            "a": "Orbach, Jack,"
          },
          {
            "d": "1927-"
          }
        ]
      }
    },
    {
      "650": {
        "ind1": "\\",
        "ind2": "2",
        "subfields": [
          {
            "a": "Nervous System Physiological Phenomena"
          }
        ]
      }
    },
    {
      "650": {
        "ind1": "\\",
        "ind2": "2",
        "subfields": [
          {
            "a": "Psychophysiology"
          }
        ]
      }
    },
    {
      "650": {
        "ind1": "\\",
        "ind2": "7",
        "subfields": [
          {
            "a": "Neuropsychology."
          },
          {
            "2": "fast"
          },
          {
            "0": "(OCoLC)fst01036493"
          }
        ]
      }
    },
    {
      "700": {
        "ind1": "1",
        "ind2": "\\",
        "subfields": [
          {
            "a": "Orbach, Jack,"
          },
          {
            "d": "1927-"
          }
        ]
      }
    },
    {
      "700": {
        "ind1": "1",
        "ind2": "\\",
        "subfields": [
          {
            "a": "Beach, Frank A."
          },
          {
            "q": "(Frank Ambrose),"
          },
          {
            "d": "1911-1988."
          }
        ]
      }
    },
    {
      "776": {
        "ind1": "0",
        "ind2": "8",
        "subfields": [
          {
            "i": "Online version:"
          },
          {
            "t": "Neuropsychology after Lashley."
          },
          {
            "d": "Hillsdale, N.J. : Lawrence Erlbaum Associates, \ufffd1982"
          },
          {
            "w": "(OCoLC)610200258"
          }
        ]
      }
    },
    {
      "994": {
        "ind1": "\\",
        "ind2": "\\",
        "subfields": [
          {
            "a": "Z0"
          },
          {
            "b": "NYRVC"
          }
        ]
      }
    },
    {
      "948": {
        "ind1": "\\",
        "ind2": "\\",
        "subfields": [
          {
            "h": "NO HOLDINGS IN NYRVC - 374 OTHER HOLDINGS"
          }
        ]
      }
    },
    {
      "999": {
        "ind1": "\\",
        "ind2": "\\",
        "subfields": [
          {
            "a": "no barcode in first copy"
          }
        ]
      }
    },
    {
      "999": {
        "ind1": "\\",
        "ind2": "\\",
        "subfields": [
          {
            "a": "no barcode in second copy"
          }
        ]
      }
    }
  ]
}